<record xmlns="http://www.loc.gov/MARC21/slim" xmlns:xsi="http://www.w3.org/2001/XMLSchema-instance" xsi:schemaLocation="http://www.loc.gov/MARC21/slim http://www.loc.gov/standards/marcxml/schema/MARC21slim.xsd"><leader>01863nam a2200313   4500</leader><controlfield tag="001">3068428</controlfield><controlfield tag="003">NNC</controlfield><controlfield tag="006">m        d        </controlfield><controlfield tag="007">cr cn |||m|||a</controlfield><controlfield tag="008">150110s1954    ua      o     000 0 ara d</controlfield><datafield ind1=" " ind2=" " tag="040"><subfield code="a">NNU</subfield><subfield code="b">eng</subfield><subfield code="c">NNU</subfield></datafield><datafield ind1=" " ind2="4" tag="050"><subfield code="a">PA3892</subfield><subfield code="b">.A2128 1954</subfield></datafield><datafield ind1="0" ind2=" " tag="100"><subfield code="6">880-01</subfield><subfield code="a">Aristotle.</subfield></datafield><datafield ind1="1" ind2="0" tag="245"><subfield code="6">880-02</subfield><subfield code="a">Arist&#803;u&#772;t&#803;a&#772;li&#772;s fi&#772; al-nafs</subfield><subfield code="h">[electronic resource] :</subfield><subfield code="b">al-A&#772;ra&#772;&#700; al-t&#803;abi&#772;&#699;i&#772;yah al-mansu&#772;b ila&#769; Flu&#772;t&#803;arkhas, al-H&#803;a&#772;ss wa-al-mah&#803;su&#772;s li-Ibn Rushd, al-Naba&#772;t al-mansu&#772;b ila&#769; Arist&#803;u&#772;t&#803;a&#772;li&#772;s /</subfield><subfield code="c">ra&#772;ja&#699;aha&#772; &#699;ala&#769; us&#803;u&#772;liha&#772; al-Yu&#772;na&#772;ni&#772;yah wa-sharah&#803;aha&#772; &#699;Abd al-Rah&#803;ma&#772;n Badawi&#772;.</subfield></datafield><datafield ind1=" " ind2=" " tag="260"><subfield code="6">880-03</subfield><subfield code="a">al-Qa&#772;hirah :</subfield><subfield code="b">Maktabat al-Nahd&#803;ah al-Mis&#803;ri&#772;yah,</subfield><subfield code="c">1954.</subfield></datafield><datafield ind1=" " ind2=" " tag="300"><subfield code="a">online resource (4, 53, 290 p.)</subfield></datafield><datafield ind1="1" ind2=" " tag="490"><subfield code="a">Islamica ;</subfield><subfield code="v">16</subfield></datafield><datafield ind1=" " ind2=" " tag="500"><subfield code="a">Part of the Arabic Collections Online (ACO) project, contributed by Columbia University Libraries.</subfield></datafield><datafield ind1=" " ind2=" " tag="533"><subfield code="a">Electronic reproduction.</subfield><subfield code="b">New York, N.Y. :</subfield><subfield code="c">New York University,</subfield><subfield code="d">2015.</subfield><subfield code="5">NNU</subfield></datafield><datafield ind1="2" ind2=" " tag="710"><subfield code="a">Columbia University.</subfield><subfield code="b">Libraries.</subfield></datafield><datafield ind1="0" ind2=" " tag="730"><subfield code="a">Arabic Collections Online.</subfield></datafield><datafield ind1="0" ind2="8" tag="776"><subfield code="i">Print version:</subfield><subfield code="a">Aristotle.</subfield><subfield code="t">Arist&#803;u&#772;t&#803;a&#772;li&#772;s fi&#772; al-nafs</subfield><subfield code="w">(NNC)3068428</subfield><subfield code="w">(OCoLC)47809055</subfield></datafield><datafield ind1=" " ind2="0" tag="830"><subfield code="a">Islamica ;</subfield><subfield code="v">16.</subfield></datafield><datafield ind1="4" ind2="0" tag="856"><subfield code="u">http://hdl.handle.net/2333.1/2z34tpgh</subfield></datafield><datafield ind1="0" ind2=" " tag="880"><subfield code="6">100-01</subfield><subfield code="a">&#1571;&#1585;&#1587;&#1591;&#1608;&#1591;&#1575;&#1604;&#1610;&#1587;.</subfield></datafield><datafield ind1="1" ind2="0" tag="880"><subfield code="6">245-02</subfield><subfield code="a">&#1575;&#1585;&#1587;&#1591;&#1608;&#1591;&#1575;&#1604;&#1610;&#1587; &#1601;&#1610; &#1575;&#1604;&#1606;&#1601;&#1587; :</subfield><subfield code="b">&#1575;&#1604;&#1575;&#1585;&#1575;&#1569; &#1575;&#1604;&#1591;&#1576;&#1610;&#1593;&#1610;&#1577; &#1575;&#1604;&#1605;&#1606;&#1587;&#1608;&#1576; &#1575;&#1604;&#1609; &#1601;&#1604;&#1608;&#1591;&#1585;&#1582;&#1587;&#1548; &#1575;&#1604;&#1581;&#1575;&#1587; &#1608;&#1575;&#1604;&#1605;&#1581;&#1587;&#1608;&#1587; &#1604;&#1575;&#1575;&#1576;&#1606; &#1585;&#1588;&#1583;&#1548; &#1575;&#1604;&#1606;&#1576;&#1575;&#1578; &#1575;&#1604;&#1605;&#1606;&#1587;&#1608;&#1576; &#1575;&#1604;&#1609; &#1575;&#1585;&#1587;&#1591;&#1608;&#1591;&#1575;&#1604;&#1610;&#1587; /</subfield><subfield code="c">&#1585;&#1575;&#1580;&#1593;&#1607;&#1575; &#1593;&#1604;&#1609; &#1575;&#1589;&#1608;&#1604;&#1607;&#1575; &#1575;&#1604;&#1610;&#1608;&#1606;&#1575;&#1606;&#1610;&#1577; &#1608;&#1588;&#1585;&#1581;&#1607;&#1575; &#1593;&#1576;&#1583; &#1575;&#1604;&#1585;&#1581;&#1605;&#1606; &#1576;&#1583;&#1608;&#1610;.</subfield></datafield><datafield ind1=" " ind2=" " tag="880"><subfield code="6">260-03</subfield><subfield code="a">&#1575;&#1604;&#1602;&#1575;&#1607;&#1585;&#1577; :</subfield><subfield code="b">&#1605;&#1603;&#1578;&#1576;&#1577; &#1575;&#1604;&#1606;&#1607;&#1590;&#1577; &#1575;&#1604;&#1605;&#1589;&#1585;&#1610;&#1577;&#1548;</subfield><subfield code="c">1954.</subfield></datafield><datafield ind1=" " ind2=" " tag="959"><subfield code="a">NNU</subfield><subfield code="b">WEB</subfield><subfield code="c">GENI</subfield><subfield code="t">0</subfield><subfield code="m">Electronic access</subfield><subfield code="s">01</subfield></datafield><datafield ind1=" " ind2=" " tag="999"><subfield code="i">NNC_3068428</subfield><subfield code="o">(OCoLC)47809055</subfield><subfield code="e">OK</subfield></datafield></record>